%% LaTeX2e file `books.bib'
%% generated by the `filecontents' environment
%% from source `facharbeit' on 2014/08/18.
%%

@MISC{winrichtlinien,
 author = "{Microsoft Corporation}",
 year = "2014",
 title = "Windows App Development: Guidelines for targeting",
 howpublished = "\url{http://msdn.microsoft.com/en-us/library/windows/apps/hh465326.aspx}",
 note = "Abrufdatum: 06.08.2014"
}

@MISC{applerichtlinien,
 author = "{Apple Inc.}",
 year = "2014",
 title = "iOS Human Interface Guidelines: Layout",
 howpublished = "\url{https://developer.apple.com/library/ios/documentation/UserExperience/Conceptual/MobileHIG/LayoutandAppearance.html}",
 note = "Abrufdatum: 09.08.2014"
}

@MISC{androidrichtlinien,
 author = "{Open Handset Allianceâ„¢}",
 year = "2014",
 title = "Android Developers: Metrics and Grids",
 howpublished = "\url{http://developer.android.com/design/style/metrics-grids.html}",
 note = "Abrufdatum: 09.08.2014"
}

@MISC{sonyverge,
 author = "Dante D'Orazio",
 year = "2012",
 title = "Sony Xperia Sola's 'floating touch' screen technology explained",
 howpublished = "\url{http://www.theverge.com/2012/3/14/2871193/sony-xperia-sola-floating-touch-hover-event-screen-technology}",
 note = "Abrufdatum: 07.08.2014"
}

@ARTICLE{monkeys,
  author = "Dandekar, K., Raju, B.I. and Srinivasan, M.A.",
  title = "3-D finite-element models of human and monkey fingertips to investigate the mechanics of tactile sense",
  pages = "682-691",
  journal = "Journal of biomechanical Engineering",
  volume = "125"
}

@INCOLLECTION{jin,
  author = "Zhao Xia Jin, Tom Plocher, Liana Kiff",
  title = "Touch screen user interfaces for older adults: button size and spacing",
  booktitle = "Proceedings of the 4th international conference on Universal access in human computer interaction: coping with diversity (UAHCI'07)",
  publisher = "Springer Verlag",
  year = "2007",
  editor = "Constantine Stephanidis",
  pages = "933-941",
  address = "Berlin, Heidelberg"
}

@ARTICLE{touchmouse,
  author = "Charlotte Travis and Pietro Murano",
  title = "A comparative study of the usability of touch-based and mouse-based interaction",
  journal = "Int. J. Pervasive Computing and Communications",
  volume = "10",
  number = "1",
  year = "2014",
  pages = "115-134"
}

