%% LaTeX2e file `books.bib'
%% generated by the `filecontents' environment
%% from source `facharbeit' on 2014/06/29.
%%
@book{augmented,
  title={Augmented Reality: Theorie und Praxis},
  author={Mehler-Bicher, A. and Rei{\ss}, M. and Steiger, L.},
  isbn={9783486598377},
  year={2011},
  publisher={Oldenbourg Wissenschaftsverlag}
}

@inproceedings{inhaus,
    author={Klaus Scherer},
    title={Das Potenzial intelligenter Haustechnik
für ehome-care},
    publisher={Präsentation auf der ZTG-Tagung am 09.05.2006, Krefeld},
    year={2006}
}

@book{rfid,
  title={RFID-Handbuch: Grundlagen und praktische Anwendungen von Transpondern, kontaktlosen Chipkarten und NFC},
  author={Finkenzeller, K.},
  isbn={9783446412002},
  year={2008},
  publisher={Hanser, Carl}
}

@incollection{lev1,
  author={Lev Manovich},
  title={Die Poetik des erweiterten Raumes},
  pages={337-349},
  booktitle={Topos Raum: Die Aktualit{\"a}t Des Raumes in Den K{\"u}nsten Der Gegenwart},
  editor={Lammert, A. and {Akademie der K{\"u}nste Berlin}},
  isbn={9783938821077},
  lccn={2006483669},
  year={2005},
  publisher={Verlag f{\"u}r Moderne Kunst},
  address={Nürnberg}
}

@incollection{lev2,
  booktitle={Mediengeographie: Theorie- Analyse- Diskussion},
  editor={D{\"o}ring, J. and Thielmann, T.},
  isbn={9783837610222},
  series={Medienumbr{\"u}che},
  year={2009},
  publisher={Transcript},
  pages={397-411},
  address={Bielefeld},
  author={Lev Manovich},
  title={Geomedien: Raum als neue Medien-Plattform? {[Interview mit Thielmann, T.]}}
}

@inproceedings{reality,
    author={Michael May},
    title={Reality Monitoring - Wissensvorsprung in Echtzeit},
    publisher={Präsentation auf dem Bürgermeisterkongress am 16.04.2012, Bad Neuenahr},
    year={2012}
}

@misc{lteausbau,
  author = {Varinia Bernau},
 title = "LTE-Ausbau in Deutschland - Wettrüsten der Mobilfunkprovider",
  howpublished="\url{http://www.sueddeutsche.de/digital/lte-ausbau-in-deutschland-wettruesten-der-mobilfunkprovider-1.1388819}",
  year = {2012},
  note="Abrufdatum: 05.09.2012"
}

@misc{linden,
year = 2012,
  key = {LINDEN LAB},
  title = "About Linden Lab - Entertainment That Inspires",
  howpublished="\url{http://lindenlab.com/about}",
  note="Abrufdatum: 10.09.2012"
}
